<?xml version="1.0" encoding="UTF-8"?><collection xmlns="http://www.loc.gov/MARC21/slim"><record><leader>00375nam--2200133-i-4500</leader><controlfield tag="001">000008720</controlfield><controlfield tag="002">20161230</controlfield><controlfield tag="005">20161230201027</controlfield><controlfield tag="008">060222s1000------------r-----000-0-eng-d</controlfield><datafield ind1=" " ind2=" " tag="100"><subfield code="a">Daiber, John William</subfield></datafield><datafield ind1=" " ind2=" " tag="245"><subfield code="a">Interaction of laser radiation with gases. /thesis</subfield></datafield><datafield ind1=" " ind2=" " tag="260"><subfield code="a">Ann Arbor, Michigan, University Microfilms Inc., 1967</subfield></datafield><datafield ind1=" " ind2=" " tag="490"><subfield code="a">Ix+115p</subfield></datafield><datafield ind1=" " ind2=" " tag="852"><subfield code="a">621.375.826</subfield></datafield></record></collection>